\bibitem{,

@book{dict-music,
    author    = "Dr. Hugo Reinman ",
    title     = "Dictionary of music",
    year      = "1908",
    publisher = "Augener",
    address   = "London",
}

@book{harvard,
    author    = " Harold S. Powers ",
    title     =  "Melody, The Harvard Dictionary of Music,
    year      = "2003",
    publisher = "Belknap Press for Harvard University Press",
    address   = "Cambridge",
    ISBN = "978-0-674-01163-2"
}




@article{timbre-pitch,
  author =       "Richard Lyon & Shihab Shamma",
  title =        "Auditory Representation of Timbre and Pitch",
  journal =      " Auditory Computation. Springer.",
  volume =       "In Harold L. Hawkins & Teresa A. McMullen (eds.).",
  number =       "10",
  pages =        "221--23",
  year =         "1996",
  ISBN =          "978-0-387-97843-7."
}

@ARTICLE{numpy,
       author = {{Virtanen}, Pauli and {Gommers}, Ralf and {Oliphant},
         Travis E. and {Haberland}, Matt and {Reddy}, Tyler and
         {Cournapeau}, David and {Burovski}, Evgeni and {Peterson}, Pearu
         and {Weckesser}, Warren and {Bright}, Jonathan and {van der Walt},
         St{\'e}fan J.  and {Brett}, Matthew and {Wilson}, Joshua and
         {Jarrod Millman}, K.  and {Mayorov}, Nikolay and {Nelson}, Andrew
         R.~J. and {Jones}, Eric and {Kern}, Robert and {Larson}, Eric and
         {Carey}, CJ and {Polat}, {\.I}lhan and {Feng}, Yu and {Moore},
         Eric W. and {Vand erPlas}, Jake and {Laxalde}, Denis and
         {Perktold}, Josef and {Cimrman}, Robert and {Henriksen}, Ian and
         {Quintero}, E.~A. and {Harris}, Charles R and {Archibald}, Anne M.
         and {Ribeiro}, Ant{\^o}nio H. and {Pedregosa}, Fabian and
         {van Mulbregt}, Paul and {Contributors}, SciPy 1. 0},
        title = "{SciPy 1.0: Fundamental Algorithms for Scientific
                  Computing in Python}",
      journal = {Nature Methods},
      year = "2020",
      volume={17},
      pages={261--272},
      adsurl = {https://rdcu.be/b08Wh},
      doi = {https://doi.org/10.1038/s41592-019-0686-2},
}


@Article{matplotlib,
  Author    = {Hunter, J. D.},
  Title     = {Matplotlib: A 2D graphics environment},
  Journal   = {Computing in Science \& Engineering},
  Volume    = {9},
  Number    = {3},
  Pages     = {90--95},
  abstract  = {Matplotlib is a 2D graphics package used for Python for
  application development, interactive scripting, and publication-quality
  image generation across user interfaces and operating systems.},
  publisher = {IEEE COMPUTER SOC},
  doi       = {10.1109/MCSE.2007.55},
  year      = 2007
}